<?xml version="1.0"?>
<zs:searchRetrieveResponse xmlns:zs="http://www.loc.gov/zing/srw/">
  <zs:version>1.1</zs:version>
  <zs:numberOfRecords>263</zs:numberOfRecords>
  <zs:records xmlns:marc="http://www.loc.gov/MARC21/slim"><zs:record>
      <zs:recordPacking>xml</zs:recordPacking>
      <zs:recordData>
        <record xmlns="http://www.loc.gov/MARC21/slim">
          <leader>00370nz a2200121 4500</leader>
          <controlfield tag="001">30000327</controlfield>
          <controlfield tag="003">RISM</controlfield>
          <controlfield tag="005">20121108</controlfield>
          <controlfield tag="008">121108n||az|||||||##########||||||||||||</controlfield>
          <datafield tag="043" ind1=" " ind2=" ">
            <subfield code="c">Austria</subfield>
          </datafield>
          <datafield tag="110" ind1="2" ind2=" ">
            <subfield code="a">Benediktinerstift</subfield>
            <subfield code="c">Admont</subfield>
            <subfield code="g">A-A</subfield>
          </datafield>
          <datafield tag="622" ind1=" " ind2=" ">
            <subfield code="e">Benediktinerstift, 8911 Admont 1, Austria</subfield>
            <subfield code="u">http://www.stiftadmont.at/deutsch/museum/bibliothek/stiftsbibliothek.php</subfield>
          </datafield>
          <datafield tag="688" ind1="2" ind2=" ">
            <subfield code="a">Series B: AD</subfield>
          </datafield>
          <idzebra xmlns="http://www.indexdata.dk/zebra/">
            <size>370</size>
            <score>734</score>
            <localnumber>831082</localnumber>
            <filename>sigla/sigla.mrc</filename>
          </idzebra>
        </record>
      </zs:recordData>
      <zs:recordPosition>1</zs:recordPosition>
    </zs:record>