<zs:record>
      <zs:recordPacking>xml</zs:recordPacking>
      <zs:recordData>
        <record xmlns="http://www.loc.gov/MARC21/slim">
          <leader>00526nz a2200157 4500</leader>
          <controlfield tag="001">30077037</controlfield>
          <controlfield tag="003">RISM</controlfield>
          <controlfield tag="005">20121108</controlfield>
          <controlfield tag="008">121108n||az|||||||##########||||||||||||</controlfield>
          <datafield tag="043" ind1=" " ind2=" ">
            <subfield code="c">Austria</subfield>
          </datafield>
          <datafield tag="110" ind1="2" ind2=" ">
            <subfield code="a">Pfarre Ansfelden, Pfarrarchiv</subfield>
            <subfield code="c">Ansfelden</subfield>
            <subfield code="g">A-ANS</subfield>
          </datafield>
          <datafield tag="580" ind1=" " ind2=" ">
            <subfield code="x">A-LIkk</subfield>
            <subfield code="0">30076705</subfield>
          </datafield>
          <datafield tag="622" ind1=" " ind2=" ">
            <subfield code="e">Pfarre Ansfelden, Pfarrarchiv, Ansfeldner Straße 11, 4052 Ansfelden, Austria</subfield>
            <subfield code="u">http://www.dioezese-linz.at/pfarren/ansfelden/</subfield>
          </datafield>
          <datafield tag="680" ind1="2" ind2=" ">
            <subfield code="i">Leihgabe in A-LIkk für den Zeitraum der Bearbeitung.</subfield>
          </datafield>
          <datafield tag="670" ind1="2" ind2=" ">
            <subfield code="a">209</subfield>
          </datafield>
          <datafield tag="852" ind1="2" ind2=" ">
            <subfield code="b">48.20784, 14.29082</subfield>
          </datafield>
          <idzebra xmlns="http://www.indexdata.dk/zebra/">
            <size>526</size>
            <score>652</score>
            <localnumber>834833</localnumber>
            <filename>sigla/sigla.mrc</filename>
          </idzebra>
        </record>
      </zs:recordData>
      <zs:recordPosition>203</zs:recordPosition>
    </zs:record>