<zs:record>
      <zs:recordPacking>xml</zs:recordPacking>
      <zs:recordData>
        <record xmlns="http://www.loc.gov/MARC21/slim">
          <leader>00394nz a2200109 4500</leader>
          <controlfield tag="001">30000333</controlfield>
          <controlfield tag="003">RISM</controlfield>
          <controlfield tag="005">20121108</controlfield>
          <controlfield tag="008">121108n||az|||||||##########||||||||||||</controlfield>
          <datafield tag="043" ind1=" " ind2=" ">
            <subfield code="c">Austria</subfield>
          </datafield>
          <datafield tag="110" ind1="2" ind2=" ">
            <subfield code="a">Benediktinerabtei St. Georgenberg-Fiecht, Bibliothek</subfield>
            <subfield code="c">Vomp-Fiecht</subfield>
            <subfield code="g">A-F</subfield>
          </datafield>
          <datafield tag="622" ind1=" " ind2=" ">
            <subfield code="e">Benediktinerabtei St., Georgenberg-Fiecht, Bibliothek, 6134 Vomp-Fiecht,
              Austria</subfield>
            <subfield code="u">http://www.st-georgenberg.at/bibliothek.phtml</subfield>
          </datafield>
          <idzebra xmlns="http://www.indexdata.dk/zebra/">
            <size>394</size>
            <score>652</score>
            <localnumber>835550</localnumber>
            <filename>sigla/sigla.mrc</filename>
          </idzebra>
        </record>
      </zs:recordData>
      <zs:recordPosition>242</zs:recordPosition>
    </zs:record>