<zs:record>
      <zs:recordPacking>xml</zs:recordPacking>
      <zs:recordData>
        <record xmlns="http://www.loc.gov/MARC21/slim">
          <leader>00435nz a2200121 4500</leader>
          <controlfield tag="001">30006057</controlfield>
          <controlfield tag="003">RISM</controlfield>
          <controlfield tag="005">20121108</controlfield>
          <controlfield tag="008">121108n||az|||||||##########||||||||||||</controlfield>
          <datafield tag="043" ind1=" " ind2=" ">
            <subfield code="c">Austria</subfield>
          </datafield>
          <datafield tag="110" ind1="2" ind2=" ">
            <subfield code="a">Stadtbibliothek, Musiksammlung</subfield>
            <subfield code="c">Feldkirch</subfield>
            <subfield code="g">A-FKst</subfield>
          </datafield>
          <datafield tag="622" ind1=" " ind2=" ">
            <subfield code="e">Stadtbibliothek, Musiksammlung, Palais Liechtenstein, Schlossergasse 8, 6800 Feldkirch,
              Austria</subfield>
            <subfield code="u">http://www.feldkirch.at/rathaus/bibliothek/musiksammlung</subfield>
          </datafield>
          <datafield tag="852" ind1="2" ind2=" ">
            <subfield code="b">47.2378875, 9.596829</subfield>
          </datafield>
          <idzebra xmlns="http://www.indexdata.dk/zebra/">
            <size>435</size>
            <score>652</score>
            <localnumber>831448</localnumber>
            <filename>sigla/sigla.mrc</filename>
          </idzebra>
        </record>
      </zs:recordData>
      <zs:recordPosition>120</zs:recordPosition>
    </zs:record>