<zs:record>
      <zs:recordPacking>xml</zs:recordPacking>
      <zs:recordData>
        <record xmlns="http://www.loc.gov/MARC21/slim">
          <leader>00352nz a2200109 4500</leader>
          <controlfield tag="001">30076606</controlfield>
          <controlfield tag="003">RISM</controlfield>
          <controlfield tag="005">20121108</controlfield>
          <controlfield tag="008">121108n||az|||||||##########||||||||||||</controlfield>
          <datafield tag="043" ind1=" " ind2=" ">
            <subfield code="c">Austria</subfield>
          </datafield>
          <datafield tag="110" ind1="2" ind2=" ">
            <subfield code="a">Pfarre Gaspoltshofen, Pfarrarchiv</subfield>
            <subfield code="c">Gaspoltshofen</subfield>
            <subfield code="g">A-GAS</subfield>
          </datafield>
          <datafield tag="622" ind1=" " ind2=" ">
            <subfield code="e">Pfarre Gaspoltshofen, Pfarrhofweg 4, 4673 Gaspoltshofen, Austria</subfield>
            <subfield code="u">http://www.pfarre-gaspoltshofen.at/</subfield>
          </datafield>
          <idzebra xmlns="http://www.indexdata.dk/zebra/">
            <size>352</size>
            <score>652</score>
            <localnumber>834848</localnumber>
            <filename>sigla/sigla.mrc</filename>
          </idzebra>
        </record>
      </zs:recordData>
      <zs:recordPosition>206</zs:recordPosition>
    </zs:record>