<zs:record>
      <zs:recordPacking>xml</zs:recordPacking>
      <zs:recordData>
        <record xmlns="http://www.loc.gov/MARC21/slim">
          <leader>00357nz a2200121 4500</leader>
          <controlfield tag="001">30000341</controlfield>
          <controlfield tag="003">RISM</controlfield>
          <controlfield tag="005">20121108</controlfield>
          <controlfield tag="008">121108n||az|||||||##########||||||||||||</controlfield>
          <datafield tag="043" ind1=" " ind2=" ">
            <subfield code="c">Austria</subfield>
          </datafield>
          <datafield tag="110" ind1="2" ind2=" ">
            <subfield code="a">Prämonstratenserstift, Bibliothek</subfield>
            <subfield code="c">Geras</subfield>
            <subfield code="g">A-GE</subfield>
          </datafield>
          <datafield tag="622" ind1=" " ind2=" ">
            <subfield code="e">Prämonstratenserstift, Bibliothek, Hauptstr. 1, 2093 Geras, Austria</subfield>
            <subfield code="u">http://www.stiftgeras.at</subfield>
          </datafield>
          <datafield tag="670" ind1="2" ind2=" ">
            <subfield code="a">565</subfield>
          </datafield>
          <idzebra xmlns="http://www.indexdata.dk/zebra/">
            <size>357</size>
            <score>652</score>
            <localnumber>831094</localnumber>
            <filename>sigla/sigla.mrc</filename>
          </idzebra>
        </record>
      </zs:recordData>
      <zs:recordPosition>80</zs:recordPosition>
    </zs:record>