<zs:record>
      <zs:recordPacking>xml</zs:recordPacking>
      <zs:recordData>
        <record xmlns="http://www.loc.gov/MARC21/slim">
          <leader>00404nz a2200121 4500</leader>
          <controlfield tag="001">30076605</controlfield>
          <controlfield tag="003">RISM</controlfield>
          <controlfield tag="005">20121108</controlfield>
          <controlfield tag="008">121108n||az|||||||##########||||||||||||</controlfield>
          <datafield tag="043" ind1=" " ind2=" ">
            <subfield code="c">Austria</subfield>
          </datafield>
          <datafield tag="110" ind1="2" ind2=" ">
            <subfield code="a">Pfarre Gramastetten, Pfarrarchiv</subfield>
            <subfield code="c">Gramastetten</subfield>
            <subfield code="g">A-GR</subfield>
          </datafield>
          <datafield tag="622" ind1=" " ind2=" ">
            <subfield code="e">Pfarre Gramastetten, Pfarrarchiv, Marktplatz 1, 4201 Gramastetten, Austria</subfield>
            <subfield code="u">http://www.dioezese-linz.at/redsys/index.php?page_new=410100</subfield>
          </datafield>
          <datafield tag="670" ind1="2" ind2=" ">
            <subfield code="a">155</subfield>
          </datafield>
          <idzebra xmlns="http://www.indexdata.dk/zebra/">
            <size>404</size>
            <score>652</score>
            <localnumber>834847</localnumber>
            <filename>sigla/sigla.mrc</filename>
          </idzebra>
        </record>
      </zs:recordData>
      <zs:recordPosition>205</zs:recordPosition>
    </zs:record>