<zs:record>
      <zs:recordPacking>xml</zs:recordPacking>
      <zs:recordData>
        <record xmlns="http://www.loc.gov/MARC21/slim">
          <leader>00438nz a2200133 4500</leader>
          <controlfield tag="001">30076358</controlfield>
          <controlfield tag="003">RISM</controlfield>
          <controlfield tag="005">20121108</controlfield>
          <controlfield tag="008">121108n||az|||||||##########||||||||||||</controlfield>
          <datafield tag="043" ind1=" " ind2=" ">
            <subfield code="c">Austria</subfield>
          </datafield>
          <datafield tag="110" ind1="2" ind2=" ">
            <subfield code="a">Opernhaus Graz GmbH, Opernarchiv</subfield>
            <subfield code="c">Graz</subfield>
            <subfield code="g">A-Gbo</subfield>
          </datafield>
          <datafield tag="410" ind1="2" ind2=" ">
            <subfield code="a">Bühnen Graz, Opernarchiv</subfield>
          </datafield>
          <datafield tag="410" ind1="2" ind2=" ">
            <subfield code="a">Vereinigte Bühnen Graz, Opernarchiv</subfield>
          </datafield>
          <datafield tag="622" ind1=" " ind2=" ">
            <subfield code="e">Opernhaus Graz GmbH, Opernarchiv, Kaiser-Josef-Platz 10, 8010 Graz, Austria</subfield>
            <subfield code="u">http://www.oper-graz.com/</subfield>
          </datafield>
          <idzebra xmlns="http://www.indexdata.dk/zebra/">
            <size>438</size>
            <score>652</score>
            <localnumber>835687</localnumber>
            <filename>sigla/sigla.mrc</filename>
          </idzebra>
        </record>
      </zs:recordData>
      <zs:recordPosition>248</zs:recordPosition>
    </zs:record>