<zs:record>
      <zs:recordPacking>xml</zs:recordPacking>
      <zs:recordData>
        <record xmlns="http://www.loc.gov/MARC21/slim">
          <leader>00440nz a2200109 4500</leader>
          <controlfield tag="001">30006093</controlfield>
          <controlfield tag="003">RISM</controlfield>
          <controlfield tag="005">20121108</controlfield>
          <controlfield tag="008">121108n||az|||||||##########||||||||||||</controlfield>
          <datafield tag="043" ind1=" " ind2=" ">
            <subfield code="c">Austria</subfield>
          </datafield>
          <datafield tag="110" ind1="2" ind2=" ">
            <subfield code="a">Institut für Liturgiewissenschaft, Christliche Kunst und Hymnologie</subfield>
            <subfield code="c">Graz</subfield>
            <subfield code="g">A-Gil</subfield>
          </datafield>
          <datafield tag="622" ind1=" " ind2=" ">
            <subfield code="e">Institut für Liturgiewissenschaft,, Christliche Kunst und Hymnologie, Heinrichstraße 78
              B/DG, 8010 Graz, Austria</subfield>
            <subfield code="u">http://www-theol.uni-graz.at/cms/ziel/35287/DE</subfield>
          </datafield>
          <idzebra xmlns="http://www.indexdata.dk/zebra/">
            <size>440</size>
            <score>652</score>
            <localnumber>833648</localnumber>
            <filename>sigla/sigla.mrc</filename>
          </idzebra>
        </record>
      </zs:recordData>
      <zs:recordPosition>160</zs:recordPosition>
    </zs:record>