<zs:record>
      <zs:recordPacking>xml</zs:recordPacking>
      <zs:recordData>
        <record xmlns="http://www.loc.gov/MARC21/slim">
          <leader>00632nz a2200157 4500</leader>
          <controlfield tag="001">30000337</controlfield>
          <controlfield tag="003">RISM</controlfield>
          <controlfield tag="005">20121108</controlfield>
          <controlfield tag="008">121108n||az|||||||##########||||||||||||</controlfield>
          <datafield tag="043" ind1=" " ind2=" ">
            <subfield code="c">Austria</subfield>
          </datafield>
          <datafield tag="110" ind1="2" ind2=" ">
            <subfield code="a">Universität für Musik und darstellende Kunst (KUG), Bibliothek</subfield>
            <subfield code="c">Graz</subfield>
            <subfield code="g">A-Gk</subfield>
          </datafield>
          <datafield tag="410" ind1="2" ind2=" ">
            <subfield code="a">Akademie für Musik und Darstellende Kunst</subfield>
          </datafield>
          <datafield tag="410" ind1="2" ind2=" ">
            <subfield code="a">Steiermärkisches Landeskonservatorium</subfield>
          </datafield>
          <datafield tag="410" ind1="2" ind2=" ">
            <subfield code="a">Hochschule für Musik und Darstellende Kunst und Landesmusikschule</subfield>
          </datafield>
          <datafield tag="622" ind1=" " ind2=" ">
            <subfield code="e">Universität für Musik und darstellende, Kunst (KUG), Bibliothek, Brandhofgasse 17-19,
              8010 Graz, Austria</subfield>
            <subfield code="u">http://www.kug.ac.at</subfield>
          </datafield>
          <datafield tag="688" ind1="2" ind2=" ">
            <subfield code="a">Series A/I: Gk(h)</subfield>
          </datafield>
          <idzebra xmlns="http://www.indexdata.dk/zebra/">
            <size>632</size>
            <score>652</score>
            <localnumber>831091</localnumber>
            <filename>sigla/sigla.mrc</filename>
          </idzebra>
        </record>
      </zs:recordData>
      <zs:recordPosition>77</zs:recordPosition>
    </zs:record>