<zs:record>
      <zs:recordPacking>xml</zs:recordPacking>
      <zs:recordData>
        <record xmlns="http://www.loc.gov/MARC21/slim">
          <leader>00407nz a2200121 4500</leader>
          <controlfield tag="001">30000338</controlfield>
          <controlfield tag="003">RISM</controlfield>
          <controlfield tag="005">20121108</controlfield>
          <controlfield tag="008">121108n||az|||||||##########||||||||||||</controlfield>
          <datafield tag="043" ind1=" " ind2=" ">
            <subfield code="c">Austria</subfield>
          </datafield>
          <datafield tag="110" ind1="2" ind2=" ">
            <subfield code="a">Steiermärkische Landesbibliothek</subfield>
            <subfield code="c">Graz</subfield>
            <subfield code="g">A-Gl</subfield>
          </datafield>
          <datafield tag="622" ind1=" " ind2=" ">
            <subfield code="e">Steiermärkische Landesbibliothek, Karmeliterplatz 3, 8010 Graz, Austria</subfield>
            <subfield code="u">http://www.verwaltung.steiermark.at/cms/ziel/22432/DE/</subfield>
          </datafield>
          <datafield tag="852" ind1="2" ind2=" ">
            <subfield code="b">47.0743333, 15.441019</subfield>
          </datafield>
          <idzebra xmlns="http://www.indexdata.dk/zebra/">
            <size>407</size>
            <score>652</score>
            <localnumber>831092</localnumber>
            <filename>sigla/sigla.mrc</filename>
          </idzebra>
        </record>
      </zs:recordData>
      <zs:recordPosition>78</zs:recordPosition>
    </zs:record>