<zs:record>
      <zs:recordPacking>xml</zs:recordPacking>
      <zs:recordData>
        <record xmlns="http://www.loc.gov/MARC21/slim">
          <leader>00415nz a2200109 4500</leader>
          <controlfield tag="001">30000344</controlfield>
          <controlfield tag="003">RISM</controlfield>
          <controlfield tag="005">20121108</controlfield>
          <controlfield tag="008">121108n||az|||||||##########||||||||||||</controlfield>
          <datafield tag="043" ind1=" " ind2=" ">
            <subfield code="c">Austria</subfield>
          </datafield>
          <datafield tag="110" ind1="2" ind2=" ">
            <subfield code="a">Augustiner-Chorherrenstift, Bibliothek und Musikarchiv</subfield>
            <subfield code="c">Herzogenburg</subfield>
            <subfield code="g">A-H</subfield>
          </datafield>
          <datafield tag="622" ind1=" " ind2=" ">
            <subfield code="e">Augustiner-Chorherrenstift, Bibliothek, und Musikarchiv, Prandtauerring 2, 3130
              Herzogenburg, Austria</subfield>
            <subfield code="u">http://www.stift-herzogenburg.at/index.php</subfield>
          </datafield>
          <idzebra xmlns="http://www.indexdata.dk/zebra/">
            <size>415</size>
            <score>652</score>
            <localnumber>835552</localnumber>
            <filename>sigla/sigla.mrc</filename>
          </idzebra>
        </record>
      </zs:recordData>
      <zs:recordPosition>244</zs:recordPosition>
    </zs:record>