<zs:record>
      <zs:recordPacking>xml</zs:recordPacking>
      <zs:recordData>
        <record xmlns="http://www.loc.gov/MARC21/slim">
          <leader>00733nz a2200169 4500</leader>
          <controlfield tag="001">30000382</controlfield>
          <controlfield tag="003">RISM</controlfield>
          <controlfield tag="005">20121108</controlfield>
          <controlfield tag="008">121108n||az|||||||##########||||||||||||</controlfield>
          <datafield tag="043" ind1=" " ind2=" ">
            <subfield code="c">Austria</subfield>
          </datafield>
          <datafield tag="110" ind1="2" ind2=" ">
            <subfield code="a">Franziskanerkloster, Archiv der Tiroler Franziskanerprovinz</subfield>
            <subfield code="c">Hall in Tirol</subfield>
            <subfield code="g">A-HALf</subfield>
          </datafield>
          <datafield tag="410" ind1="2" ind2=" ">
            <subfield code="a">Franziskaner-Kloster, Archiv und Bibliothek</subfield>
          </datafield>
          <datafield tag="622" ind1=" " ind2=" ">
            <subfield code="e">Franziskanerkloster, Archiv der Tiroler, Franziskanerprovinz, Stadtgraben 7, 6060 Hall in
              Tirol, Austria</subfield>
            <subfield code="u">http://franziskaner.members.cablelink.at/provinzarchiv/index.html</subfield>
          </datafield>
          <datafield tag="680" ind1="2" ind2=" ">
            <subfield code="i">Das Provinzarchiv war von 1982 bis 2010 in das Franziskanerkloster Schwaz
              verlegt.</subfield>
          </datafield>
          <datafield tag="688" ind1="2" ind2=" ">
            <subfield code="a">Series A/I: SH; Series C: SH; N-Grove: SH; Series B: SB</subfield>
          </datafield>
          <datafield tag="670" ind1="2" ind2=" ">
            <subfield code="a">1</subfield>
          </datafield>
          <datafield tag="852" ind1="2" ind2=" ">
            <subfield code="b">47.28044, 11.50537</subfield>
          </datafield>
          <idzebra xmlns="http://www.indexdata.dk/zebra/">
            <size>733</size>
            <score>652</score>
            <localnumber>831617</localnumber>
            <filename>sigla/sigla.mrc</filename>
          </idzebra>
        </record>
      </zs:recordData>
      <zs:recordPosition>126</zs:recordPosition>
    </zs:record>