<zs:record>
      <zs:recordPacking>xml</zs:recordPacking>
      <zs:recordData>
        <record xmlns="http://www.loc.gov/MARC21/slim">
          <leader>00472nz a2200133 4500</leader>
          <controlfield tag="001">30070137</controlfield>
          <controlfield tag="003">RISM</controlfield>
          <controlfield tag="005">20121108</controlfield>
          <controlfield tag="008">121108n||az|||||||##########||||||||||||</controlfield>
          <datafield tag="043" ind1=" " ind2=" ">
            <subfield code="c">Austria; XA</subfield>
            <subfield code="c">Austria; XA</subfield>
          </datafield>
          <datafield tag="110" ind1="2" ind2=" ">
            <subfield code="a">Institut für Tiroler Musikforschung</subfield>
            <subfield code="c">Innsbruck</subfield>
            <subfield code="g">A-Iitmf</subfield>
          </datafield>
          <datafield tag="410" ind1="2" ind2=" ">
            <subfield code="a">RISM Landesleitung Tirol-Südtirol &amp; OFM Austria</subfield>
          </datafield>
          <datafield tag="622" ind1=" " ind2=" ">
            <subfield code="e">Institut für Tiroler Musikforschung, Rumer Str. 51d, 6063 Innsbruck / Post Rum,
              Austria</subfield>
            <subfield code="u">http://www.musikland-tirol.at/</subfield>
          </datafield>
          <datafield tag="670" ind1="2" ind2=" ">
            <subfield code="a">3</subfield>
          </datafield>
          <idzebra xmlns="http://www.indexdata.dk/zebra/">
            <size>472</size>
            <score>652</score>
            <localnumber>834800</localnumber>
            <filename>sigla/sigla.mrc</filename>
          </idzebra>
        </record>
      </zs:recordData>
      <zs:recordPosition>194</zs:recordPosition>
    </zs:record>