<zs:record>
      <zs:recordPacking>xml</zs:recordPacking>
      <zs:recordData>
        <record xmlns="http://www.loc.gov/MARC21/slim">
          <leader>00343nz a2200109 4500</leader>
          <controlfield tag="001">30002592</controlfield>
          <controlfield tag="003">RISM</controlfield>
          <controlfield tag="005">20121108</controlfield>
          <controlfield tag="008">121108n||az|||||||##########||||||||||||</controlfield>
          <datafield tag="043" ind1=" " ind2=" ">
            <subfield code="c">Austria</subfield>
          </datafield>
          <datafield tag="110" ind1="2" ind2=" ">
            <subfield code="a">Jesuitenkolleg, Bibliothek</subfield>
            <subfield code="c">Innsbruck</subfield>
            <subfield code="g">A-Ij</subfield>
          </datafield>
          <datafield tag="622" ind1=" " ind2=" ">
            <subfield code="e">Jesuitenkolleg, Bibliothek, Sillgasse 6, 6020 Innsbruck, Austria</subfield>
            <subfield code="u">http://www.jesuitenkolleg-innsbruck.at</subfield>
          </datafield>
          <idzebra xmlns="http://www.indexdata.dk/zebra/">
            <size>343</size>
            <score>652</score>
            <localnumber>830988</localnumber>
            <filename>sigla/sigla.mrc</filename>
          </idzebra>
        </record>
      </zs:recordData>
      <zs:recordPosition>60</zs:recordPosition>
    </zs:record>