<zs:record>
      <zs:recordPacking>xml</zs:recordPacking>
      <zs:recordData>
        <record xmlns="http://www.loc.gov/MARC21/slim">
          <leader>00402nz a2200121 4500</leader>
          <controlfield tag="001">30000345</controlfield>
          <controlfield tag="003">RISM</controlfield>
          <controlfield tag="005">20121108</controlfield>
          <controlfield tag="008">121108n||az|||||||##########||||||||||||</controlfield>
          <datafield tag="043" ind1=" " ind2=" ">
            <subfield code="c">Austria</subfield>
          </datafield>
          <datafield tag="110" ind1="2" ind2=" ">
            <subfield code="a">Tiroler Landeskonservatorium, Bibliothek</subfield>
            <subfield code="c">Innsbruck</subfield>
            <subfield code="g">A-Ik</subfield>
          </datafield>
          <datafield tag="622" ind1=" " ind2=" ">
            <subfield code="e">Tiroler Landeskonservatorium, Bibliothek, Zimmer 109, Meranerstr. 5, 6020 Innsbruck,
              Austria</subfield>
            <subfield code="u">http://www.konstirol.at/bibliothek/</subfield>
          </datafield>
          <datafield tag="670" ind1="2" ind2=" ">
            <subfield code="a">450</subfield>
          </datafield>
          <idzebra xmlns="http://www.indexdata.dk/zebra/">
            <size>402</size>
            <score>652</score>
            <localnumber>833027</localnumber>
            <filename>sigla/sigla.mrc</filename>
          </idzebra>
        </record>
      </zs:recordData>
      <zs:recordPosition>148</zs:recordPosition>
    </zs:record>