<zs:record>
      <zs:recordPacking>xml</zs:recordPacking>
      <zs:recordData>
        <record xmlns="http://www.loc.gov/MARC21/slim">
          <leader>00411nz a2200121 4500</leader>
          <controlfield tag="001">30000346</controlfield>
          <controlfield tag="003">RISM</controlfield>
          <controlfield tag="005">20121108</controlfield>
          <controlfield tag="008">121108n||az|||||||##########||||||||||||</controlfield>
          <datafield tag="043" ind1=" " ind2=" ">
            <subfield code="c">Austria</subfield>
          </datafield>
          <datafield tag="110" ind1="2" ind2=" ">
            <subfield code="a">Tiroler Landesmuseum Ferdinandeum, Musiksammlung</subfield>
            <subfield code="c">Innsbruck</subfield>
            <subfield code="g">A-Imf</subfield>
          </datafield>
          <datafield tag="622" ind1=" " ind2=" ">
            <subfield code="e">Tiroler Landesmuseum Ferdinandeum,, Musiksammlung, Museumstraße 15, 6020 Innsbruck,
              Austria</subfield>
            <subfield code="u">http://www.tiroler-landesmuseum.at</subfield>
          </datafield>
          <datafield tag="670" ind1="2" ind2=" ">
            <subfield code="a">1627</subfield>
          </datafield>
          <idzebra xmlns="http://www.indexdata.dk/zebra/">
            <size>411</size>
            <score>652</score>
            <localnumber>831097</localnumber>
            <filename>sigla/sigla.mrc</filename>
          </idzebra>
        </record>
      </zs:recordData>
      <zs:recordPosition>83</zs:recordPosition>
    </zs:record>