<zs:record>
      <zs:recordPacking>xml</zs:recordPacking>
      <zs:recordData>
        <record xmlns="http://www.loc.gov/MARC21/slim">
          <leader>00542nz a2200157 4500</leader>
          <controlfield tag="001">30076662</controlfield>
          <controlfield tag="003">RISM</controlfield>
          <controlfield tag="005">20121108</controlfield>
          <controlfield tag="008">121108n||az|||||||##########||||||||||||</controlfield>
          <datafield tag="043" ind1=" " ind2=" ">
            <subfield code="c">Austria; XA</subfield>
            <subfield code="c">Austria; XA</subfield>
          </datafield>
          <datafield tag="110" ind1="2" ind2=" ">
            <subfield code="a">Tiroler Volksliedarchiv</subfield>
            <subfield code="c">Innsbruck</subfield>
            <subfield code="g">A-Itva</subfield>
          </datafield>
          <datafield tag="410" ind1="2" ind2=" ">
            <subfield code="a">Tiroler Volksliedwerk</subfield>
          </datafield>
          <datafield tag="622" ind1=" " ind2=" ">
            <subfield code="e">Tiroler Volksliedarchiv, Feldstraße 11a, 6020 Innsbruck, Austria</subfield>
            <subfield code="u">http://www.volkslied.at/</subfield>
          </datafield>
          <datafield tag="680" ind1="2" ind2=" ">
            <subfield code="i">Das Tiroler Volksliedwerk stellt den Förderverein des Tiroler Volksliedarchivs
              dar.</subfield>
          </datafield>
          <datafield tag="670" ind1="2" ind2=" ">
            <subfield code="a">3</subfield>
          </datafield>
          <datafield tag="852" ind1="2" ind2=" ">
            <subfield code="b">47.2542022, 11.3880785</subfield>
          </datafield>
          <idzebra xmlns="http://www.indexdata.dk/zebra/">
            <size>542</size>
            <score>652</score>
            <localnumber>834799</localnumber>
            <filename>sigla/sigla.mrc</filename>
          </idzebra>
        </record>
      </zs:recordData>
      <zs:recordPosition>193</zs:recordPosition>
    </zs:record>