<zs:record>
      <zs:recordPacking>xml</zs:recordPacking>
      <zs:recordData>
        <record xmlns="http://www.loc.gov/MARC21/slim">
          <leader>00467nz a2200133 4500</leader>
          <controlfield tag="001">30000349</controlfield>
          <controlfield tag="003">RISM</controlfield>
          <controlfield tag="005">20121108</controlfield>
          <controlfield tag="008">121108n||az|||||||##########||||||||||||</controlfield>
          <datafield tag="043" ind1=" " ind2=" ">
            <subfield code="c">Austria</subfield>
          </datafield>
          <datafield tag="110" ind1="2" ind2=" ">
            <subfield code="a">Prämonstratenser-Chorherrenstift Wilten, Archiv und Bibliothek</subfield>
            <subfield code="c">Innsbruck</subfield>
            <subfield code="g">A-Iw</subfield>
          </datafield>
          <datafield tag="410" ind1="2" ind2=" ">
            <subfield code="a">Stift Wilten</subfield>
          </datafield>
          <datafield tag="622" ind1=" " ind2=" ">
            <subfield code="e">Prämonstratenser-Chorherrenstift Wilten,, Archiv und Bibliothek, Klostergasse 7, 6020
              Innsbruck, Austria</subfield>
            <subfield code="u">http://www.stift-wilten.at/index.php</subfield>
          </datafield>
          <datafield tag="670" ind1="2" ind2=" ">
            <subfield code="a">3</subfield>
          </datafield>
          <idzebra xmlns="http://www.indexdata.dk/zebra/">
            <size>467</size>
            <score>652</score>
            <localnumber>831241</localnumber>
            <filename>sigla/sigla.mrc</filename>
          </idzebra>
        </record>
      </zs:recordData>
      <zs:recordPosition>85</zs:recordPosition>
    </zs:record>