<zs:record>
      <zs:recordPacking>xml</zs:recordPacking>
      <zs:recordData>
        <record xmlns="http://www.loc.gov/MARC21/slim">
          <leader>00367nz a2200121 4500</leader>
          <controlfield tag="001">30006175</controlfield>
          <controlfield tag="003">RISM</controlfield>
          <controlfield tag="005">20121108</controlfield>
          <controlfield tag="008">121108n||az|||||||##########||||||||||||</controlfield>
          <datafield tag="043" ind1=" " ind2=" ">
            <subfield code="c">Austria</subfield>
          </datafield>
          <datafield tag="110" ind1="2" ind2=" ">
            <subfield code="a">Pfarrkirche, Musikarchiv</subfield>
            <subfield code="c">Jochberg</subfield>
            <subfield code="g">A-Jk</subfield>
          </datafield>
          <datafield tag="622" ind1=" " ind2=" ">
            <subfield code="e">Pfarrkirche, Musikarchiv, 6373 Jochberg, Austria</subfield>
            <subfield code="u">http://www.kirchen.net/pfarre-aurach-jochberg/page.asp?id=19667</subfield>
          </datafield>
          <datafield tag="670" ind1="2" ind2=" ">
            <subfield code="a">8</subfield>
          </datafield>
          <idzebra xmlns="http://www.indexdata.dk/zebra/">
            <size>367</size>
            <score>652</score>
            <localnumber>833651</localnumber>
            <filename>sigla/sigla.mrc</filename>
          </idzebra>
        </record>
      </zs:recordData>
      <zs:recordPosition>161</zs:recordPosition>
    </zs:record>