<zs:record>
      <zs:recordPacking>xml</zs:recordPacking>
      <zs:recordData>
        <record xmlns="http://www.loc.gov/MARC21/slim">
          <leader>00474nz a2200133 4500</leader>
          <controlfield tag="001">30000351</controlfield>
          <controlfield tag="003">RISM</controlfield>
          <controlfield tag="005">20121108</controlfield>
          <controlfield tag="008">121108n||az|||||||##########||||||||||||</controlfield>
          <datafield tag="043" ind1=" " ind2=" ">
            <subfield code="c">Austria</subfield>
          </datafield>
          <datafield tag="110" ind1="2" ind2=" ">
            <subfield code="a">Augustiner-Chorherrenstift, Bibliothek</subfield>
            <subfield code="c">Klosterneuburg</subfield>
            <subfield code="g">A-KN</subfield>
          </datafield>
          <datafield tag="410" ind1="2" ind2=" ">
            <subfield code="a">Stift Klosterneuburg</subfield>
          </datafield>
          <datafield tag="622" ind1=" " ind2=" ">
            <subfield code="e">Augustiner-Chorherrenstift, Bibliothek, Stiftsplatz 1, 3400 Klosterneuburg,
              Austria</subfield>
            <subfield code="u">http://www.stift-klosterneuburg.at/kultur/geschichte-kunst/stiftsbibliothek/</subfield>
          </datafield>
          <datafield tag="670" ind1="2" ind2=" ">
            <subfield code="a">245</subfield>
          </datafield>
          <idzebra xmlns="http://www.indexdata.dk/zebra/">
            <size>474</size>
            <score>652</score>
            <localnumber>835819</localnumber>
            <filename>sigla/sigla.mrc</filename>
          </idzebra>
        </record>
      </zs:recordData>
      <zs:recordPosition>249</zs:recordPosition>
    </zs:record>