<zs:record>
      <zs:recordPacking>xml</zs:recordPacking>
      <zs:recordData>
        <record xmlns="http://www.loc.gov/MARC21/slim">
          <leader>00461nz a2200109 4500</leader>
          <controlfield tag="001">30077207</controlfield>
          <controlfield tag="003">RISM</controlfield>
          <controlfield tag="005">20121108</controlfield>
          <controlfield tag="008">121108n||az|||||||##########||||||||||||</controlfield>
          <datafield tag="043" ind1=" " ind2=" ">
            <subfield code="c">Austria</subfield>
          </datafield>
          <datafield tag="110" ind1="2" ind2=" ">
            <subfield code="a">Landesmuseum Kärnten, Abteilung für Musikinstrumente und Musikalien</subfield>
            <subfield code="c">Klagenfurt</subfield>
            <subfield code="g">A-Klmk</subfield>
          </datafield>
          <datafield tag="622" ind1=" " ind2=" ">
            <subfield code="e">Landesmuseum Kärnten, Abteilung für, Musikinstrumente und Musikalien, Museumgasse 2, 9021
              Klagenfurt, Austria</subfield>
            <subfield code="u">http://www.landesmuseum-ktn.at/Landesmuseen/landesmuseenfr.html</subfield>
          </datafield>
          <idzebra xmlns="http://www.indexdata.dk/zebra/">
            <size>461</size>
            <score>652</score>
            <localnumber>834819</localnumber>
            <filename>sigla/sigla.mrc</filename>
          </idzebra>
        </record>
      </zs:recordData>
      <zs:recordPosition>198</zs:recordPosition>
    </zs:record>