<zs:record>
      <zs:recordPacking>xml</zs:recordPacking>
      <zs:recordData>
        <record xmlns="http://www.loc.gov/MARC21/slim">
          <leader>00405nz a2200109 4500</leader>
          <controlfield tag="001">30076705</controlfield>
          <controlfield tag="003">RISM</controlfield>
          <controlfield tag="005">20121108</controlfield>
          <controlfield tag="008">121108n||az|||||||##########||||||||||||</controlfield>
          <datafield tag="043" ind1=" " ind2=" ">
            <subfield code="c">Austria</subfield>
          </datafield>
          <datafield tag="110" ind1="2" ind2=" ">
            <subfield code="a">Konservatorium für Kirchenmusik der Diözese Linz - Musikarchiv</subfield>
            <subfield code="c">Linz</subfield>
            <subfield code="g">A-LIkk</subfield>
          </datafield>
          <datafield tag="622" ind1=" " ind2=" ">
            <subfield code="e">Konservatorium für Kirchenmusik der, Diözese Linz - Musikarchiv, Petrinumstraße 12, 4040
              Linz, Austria</subfield>
            <subfield code="u">http://www.kons-linz.at/</subfield>
          </datafield>
          <idzebra xmlns="http://www.indexdata.dk/zebra/">
            <size>405</size>
            <score>652</score>
            <localnumber>830825</localnumber>
            <filename>sigla/sigla.mrc</filename>
          </idzebra>
        </record>
      </zs:recordData>
      <zs:recordPosition>48</zs:recordPosition>
    </zs:record>