<zs:record>
      <zs:recordPacking>xml</zs:recordPacking>
      <zs:recordData>
        <record xmlns="http://www.loc.gov/MARC21/slim">
          <leader>00583nz a2200121 4500</leader>
          <controlfield tag="001">30077288</controlfield>
          <controlfield tag="003">RISM</controlfield>
          <controlfield tag="005">20121108</controlfield>
          <controlfield tag="008">121108n||az|||||||##########||||||||||||</controlfield>
          <datafield tag="043" ind1=" " ind2=" ">
            <subfield code="c">Austria</subfield>
          </datafield>
          <datafield tag="110" ind1="2" ind2=" ">
            <subfield code="a">Privatbibliothek Josef W. Kollingbaum</subfield>
            <subfield code="c">Linz</subfield>
            <subfield code="g">A-LIkollingbaum</subfield>
          </datafield>
          <datafield tag="580" ind1=" " ind2=" ">
            <subfield code="x">A-LIkk</subfield>
            <subfield code="0">30076705</subfield>
          </datafield>
          <datafield tag="680" ind1="2" ind2=" ">
            <subfield code="i">Leihgabe in A-LIkk für den Zeitraum der Bearbeitung. Der Bestand umfaßt hauptsächlich
              historisches Notenmaterial des Musikvereins der Ortsgemeinde Tragwein (Bezirk Freistadt, Oberösterreich)
              vorwiegend aus dem 19. Jahrhundert. Der physische Umfang des Notenbestands beträgt zwei
              Laufmeter.</subfield>
          </datafield>
          <idzebra xmlns="http://www.indexdata.dk/zebra/">
            <size>583</size>
            <score>652</score>
            <localnumber>829256</localnumber>
            <filename>sigla/sigla.mrc</filename>
          </idzebra>
        </record>
      </zs:recordData>
      <zs:recordPosition>3</zs:recordPosition>
    </zs:record>