<zs:record>
      <zs:recordPacking>xml</zs:recordPacking>
      <zs:recordData>
        <record xmlns="http://www.loc.gov/MARC21/slim">
          <leader>00358nz a2200109 4500</leader>
          <controlfield tag="001">30076621</controlfield>
          <controlfield tag="003">RISM</controlfield>
          <controlfield tag="005">20121108</controlfield>
          <controlfield tag="008">121108n||az|||||||##########||||||||||||</controlfield>
          <datafield tag="043" ind1=" " ind2=" ">
            <subfield code="c">Austria</subfield>
          </datafield>
          <datafield tag="110" ind1="2" ind2=" ">
            <subfield code="a">Pfarre Linz St. Matthias, Pfarrarchiv</subfield>
            <subfield code="c">Linz</subfield>
            <subfield code="g">A-LIpsm</subfield>
          </datafield>
          <datafield tag="622" ind1=" " ind2=" ">
            <subfield code="e">Pfarre Linz St. Matthias, Kapuzinerstraße 38, 4020 Linz, Austria</subfield>
            <subfield code="u">http://www.dioezese-linz.at/linz-stmatthias</subfield>
          </datafield>
          <idzebra xmlns="http://www.indexdata.dk/zebra/">
            <size>358</size>
            <score>652</score>
            <localnumber>834824</localnumber>
            <filename>sigla/sigla.mrc</filename>
          </idzebra>
        </record>
      </zs:recordData>
      <zs:recordPosition>202</zs:recordPosition>
    </zs:record>