<zs:record>
      <zs:recordPacking>xml</zs:recordPacking>
      <zs:recordData>
        <record xmlns="http://www.loc.gov/MARC21/slim">
          <leader>00356nz a2200109 4500</leader>
          <controlfield tag="001">30076623</controlfield>
          <controlfield tag="003">RISM</controlfield>
          <controlfield tag="005">20121108</controlfield>
          <controlfield tag="008">121108n||az|||||||##########||||||||||||</controlfield>
          <datafield tag="043" ind1=" " ind2=" ">
            <subfield code="c">Austria</subfield>
          </datafield>
          <datafield tag="110" ind1="2" ind2=" ">
            <subfield code="a">Pfarre Lohnsburg, Pfarrarchiv</subfield>
            <subfield code="c">Lohnsburg am Kobernaußerwald</subfield>
            <subfield code="g">A-LOH</subfield>
          </datafield>
          <datafield tag="622" ind1=" " ind2=" ">
            <subfield code="e">Pfarre Lohnsburg, Pfarrarchiv, Am Bäckerberg 29, 4923 Lohnsburg am Kobernaußerwald,
              Austria</subfield>
          </datafield>
          <idzebra xmlns="http://www.indexdata.dk/zebra/">
            <size>356</size>
            <score>652</score>
            <localnumber>834450</localnumber>
            <filename>sigla/sigla.mrc</filename>
          </idzebra>
        </record>
      </zs:recordData>
      <zs:recordPosition>175</zs:recordPosition>
    </zs:record>