<zs:record>
      <zs:recordPacking>xml</zs:recordPacking>
      <zs:recordData>
        <record xmlns="http://www.loc.gov/MARC21/slim">
          <leader>00435nz a2200121 4500</leader>
          <controlfield tag="001">30003836</controlfield>
          <controlfield tag="003">RISM</controlfield>
          <controlfield tag="005">20121108</controlfield>
          <controlfield tag="008">121108n||az|||||||##########||||||||||||</controlfield>
          <datafield tag="043" ind1=" " ind2=" ">
            <subfield code="c">Austria</subfield>
          </datafield>
          <datafield tag="110" ind1="2" ind2=" ">
            <subfield code="a">Pfarr- und Wallfahrtskirche</subfield>
            <subfield code="c">Maria Enzersdorf</subfield>
            <subfield code="g">A-ME</subfield>
          </datafield>
          <datafield tag="410" ind1="2" ind2=" ">
            <subfield code="a">Franziskanerkloster</subfield>
          </datafield>
          <datafield tag="622" ind1=" " ind2=" ">
            <subfield code="e">Pfarr- und Wallfahrtskirche, Franziskanerkloster, Haupstraße 5, 2344 Maria Enzersdorf,
              Austria</subfield>
            <subfield code="u">http://www.franziskaner.at/neuhaeuser/index.php?haus=19</subfield>
          </datafield>
          <idzebra xmlns="http://www.indexdata.dk/zebra/">
            <size>435</size>
            <score>652</score>
            <localnumber>836279</localnumber>
            <filename>sigla/sigla.mrc</filename>
          </idzebra>
        </record>
      </zs:recordData>
      <zs:recordPosition>261</zs:recordPosition>
    </zs:record>