<zs:record>
      <zs:recordPacking>xml</zs:recordPacking>
      <zs:recordData>
        <record xmlns="http://www.loc.gov/MARC21/slim">
          <leader>00343nz a2200109 4500</leader>
          <controlfield tag="001">30006646</controlfield>
          <controlfield tag="003">RISM</controlfield>
          <controlfield tag="005">20121108</controlfield>
          <controlfield tag="008">121108n||az|||||||##########||||||||||||</controlfield>
          <datafield tag="043" ind1=" " ind2=" ">
            <subfield code="c">Austria</subfield>
          </datafield>
          <datafield tag="110" ind1="2" ind2=" ">
            <subfield code="a">Wallfahrtskirche</subfield>
            <subfield code="c">Maria Langegg</subfield>
            <subfield code="g">A-MLw</subfield>
          </datafield>
          <datafield tag="622" ind1=" " ind2=" ">
            <subfield code="e">Wallfahrtskirche, Maria Langegg 1, 3642 Aggsbach-Dorf, Austria</subfield>
            <subfield code="u">http://www.maria-langegg.kirche.at/index.html</subfield>
          </datafield>
          <idzebra xmlns="http://www.indexdata.dk/zebra/">
            <size>343</size>
            <score>652</score>
            <localnumber>832400</localnumber>
            <filename>sigla/sigla.mrc</filename>
          </idzebra>
        </record>
      </zs:recordData>
      <zs:recordPosition>143</zs:recordPosition>
    </zs:record>