<zs:record>
      <zs:recordPacking>xml</zs:recordPacking>
      <zs:recordData>
        <record xmlns="http://www.loc.gov/MARC21/slim">
          <leader>00338nz a2200109 4500</leader>
          <controlfield tag="001">30000361</controlfield>
          <controlfield tag="003">RISM</controlfield>
          <controlfield tag="005">20121108</controlfield>
          <controlfield tag="008">121108n||az|||||||##########||||||||||||</controlfield>
          <datafield tag="043" ind1=" " ind2=" ">
            <subfield code="c">Austria</subfield>
          </datafield>
          <datafield tag="110" ind1="2" ind2=" ">
            <subfield code="a">Pfarre Sankt Michael Mondsee</subfield>
            <subfield code="c">Mondsee</subfield>
            <subfield code="g">A-MO</subfield>
          </datafield>
          <datafield tag="622" ind1=" " ind2=" ">
            <subfield code="e">Pfarre Sankt Michael Mondsee, Kirchengasse 1, 5310 Mondsee, Austria</subfield>
            <subfield code="u">http://www.pfarre-mondsee.com/</subfield>
          </datafield>
          <idzebra xmlns="http://www.indexdata.dk/zebra/">
            <size>338</size>
            <score>652</score>
            <localnumber>831249</localnumber>
            <filename>sigla/sigla.mrc</filename>
          </idzebra>
        </record>
      </zs:recordData>
      <zs:recordPosition>93</zs:recordPosition>
    </zs:record>