<zs:record>
      <zs:recordPacking>xml</zs:recordPacking>
      <zs:recordData>
        <record xmlns="http://www.loc.gov/MARC21/slim">
          <leader>00367nz a2200109 4500</leader>
          <controlfield tag="001">30076624</controlfield>
          <controlfield tag="003">RISM</controlfield>
          <controlfield tag="005">20121108</controlfield>
          <controlfield tag="008">121108n||az|||||||##########||||||||||||</controlfield>
          <datafield tag="043" ind1=" " ind2=" ">
            <subfield code="c">Austria</subfield>
          </datafield>
          <datafield tag="110" ind1="2" ind2=" ">
            <subfield code="a">Pfarre Munderfing, Pfarrarchiv</subfield>
            <subfield code="c">Munderfing</subfield>
            <subfield code="g">A-MUN</subfield>
          </datafield>
          <datafield tag="622" ind1=" " ind2=" ">
            <subfield code="e">Pfarre Munderfing, Pfarrarchiv, Hauptstraße 43, 5222 Munderfing, Austria</subfield>
            <subfield code="u">http://www.dioezese-linz.at/pfarren/munderfing/</subfield>
          </datafield>
          <idzebra xmlns="http://www.indexdata.dk/zebra/">
            <size>367</size>
            <score>652</score>
            <localnumber>834451</localnumber>
            <filename>sigla/sigla.mrc</filename>
          </idzebra>
        </record>
      </zs:recordData>
      <zs:recordPosition>176</zs:recordPosition>
    </zs:record>