<zs:record>
      <zs:recordPacking>xml</zs:recordPacking>
      <zs:recordData>
        <record xmlns="http://www.loc.gov/MARC21/slim">
          <leader>00392nz a2200109 4500</leader>
          <controlfield tag="001">30076625</controlfield>
          <controlfield tag="003">RISM</controlfield>
          <controlfield tag="005">20121108</controlfield>
          <controlfield tag="008">121108n||az|||||||##########||||||||||||</controlfield>
          <datafield tag="043" ind1=" " ind2=" ">
            <subfield code="c">Austria</subfield>
          </datafield>
          <datafield tag="110" ind1="2" ind2=" ">
            <subfield code="a">Pfarre Neuhofen im Innkreis, Pfarrarchiv</subfield>
            <subfield code="c">Neuhofen</subfield>
            <subfield code="g">A-NEU</subfield>
          </datafield>
          <datafield tag="622" ind1=" " ind2=" ">
            <subfield code="e">Pfarre Neuhofen im Innkreis, Pfarrarchiv, Kirchenstraße 11, 4912 Neuhofen,
              Austria</subfield>
            <subfield code="u">http://www.dioezese-linz.at/pfarren/neuhofen-innkreis/</subfield>
          </datafield>
          <idzebra xmlns="http://www.indexdata.dk/zebra/">
            <size>392</size>
            <score>652</score>
            <localnumber>834452</localnumber>
            <filename>sigla/sigla.mrc</filename>
          </idzebra>
        </record>
      </zs:recordData>
      <zs:recordPosition>177</zs:recordPosition>
    </zs:record>