<zs:record>
      <zs:recordPacking>xml</zs:recordPacking>
      <zs:recordData>
        <record xmlns="http://www.loc.gov/MARC21/slim">
          <leader>00448nz a2200121 4500</leader>
          <controlfield tag="001">30077547</controlfield>
          <controlfield tag="003">RISM</controlfield>
          <controlfield tag="005">20121108</controlfield>
          <controlfield tag="008">121108n||az|||||||##########||||||||||||</controlfield>
          <datafield tag="043" ind1=" " ind2=" ">
            <subfield code="c">Austria</subfield>
          </datafield>
          <datafield tag="110" ind1="2" ind2=" ">
            <subfield code="a">Museum Innviertler Volkskundehaus</subfield>
            <subfield code="c">Ried im Innkreis</subfield>
            <subfield code="g">A-RImiv</subfield>
          </datafield>
          <datafield tag="591" ind1="2" ind2=" ">
            <subfield code="a">ongoing</subfield>
          </datafield>
          <datafield tag="622" ind1=" " ind2=" ">
            <subfield code="e">Museum Innviertler Volkskundehaus, Kirchenplatz 13, 4910 Ried im Innkreis,
              Austria</subfield>
            <subfield code="u">http://www.ried.at/system/web/sonderseite.aspx?menuonr=220739994&amp;detailonr=220739994</subfield>
          </datafield>
          <idzebra xmlns="http://www.indexdata.dk/zebra/">
            <size>448</size>
            <score>652</score>
            <localnumber>829335</localnumber>
            <filename>sigla/sigla.mrc</filename>
          </idzebra>
        </record>
      </zs:recordData>
      <zs:recordPosition>12</zs:recordPosition>
    </zs:record>