<zs:record>
      <zs:recordPacking>xml</zs:recordPacking>
      <zs:recordData>
        <record xmlns="http://www.loc.gov/MARC21/slim">
          <leader>00196nz a2200085 4500</leader>
          <controlfield tag="001">30078011</controlfield>
          <controlfield tag="003">RISM</controlfield>
          <controlfield tag="005">20121108</controlfield>
          <controlfield tag="008">121108n||az|||||||##########||||||||||||</controlfield>
          <datafield tag="110" ind1="2" ind2=" ">
            <subfield code="a">useum innviertler volkskundehaus</subfield>
            <subfield code="g">A-RImiv</subfield>
          </datafield>
          <idzebra xmlns="http://www.indexdata.dk/zebra/">
            <size>196</size>
            <score>652</score>
            <localnumber>829355</localnumber>
            <filename>sigla/sigla.mrc</filename>
          </idzebra>
        </record>
      </zs:recordData>
      <zs:recordPosition>13</zs:recordPosition>
    </zs:record>