<zs:record>
      <zs:recordPacking>xml</zs:recordPacking>
      <zs:recordData>
        <record xmlns="http://www.loc.gov/MARC21/slim">
          <leader>00416nz a2200133 4500</leader>
          <controlfield tag="001">30006240</controlfield>
          <controlfield tag="003">RISM</controlfield>
          <controlfield tag="005">20121108</controlfield>
          <controlfield tag="008">121108n||az|||||||##########||||||||||||</controlfield>
          <datafield tag="043" ind1=" " ind2=" ">
            <subfield code="c">Austria</subfield>
          </datafield>
          <datafield tag="110" ind1="2" ind2=" ">
            <subfield code="a">Grünes Haus - Museum Reutte</subfield>
            <subfield code="c">Reutte</subfield>
            <subfield code="g">A-RTgh</subfield>
          </datafield>
          <datafield tag="410" ind1="2" ind2=" ">
            <subfield code="a">Grünes Haus (Heimatmuseum der Marktgemeinde)</subfield>
          </datafield>
          <datafield tag="622" ind1=" " ind2=" ">
            <subfield code="e">Grünes Haus - Museum Reutte, Untermarkt 25, 6600 Reutte, Austria</subfield>
            <subfield code="u">http://www.museum-reutte.at</subfield>
          </datafield>
          <datafield tag="670" ind1="2" ind2=" ">
            <subfield code="a">136</subfield>
          </datafield>
          <idzebra xmlns="http://www.indexdata.dk/zebra/">
            <size>416</size>
            <score>652</score>
            <localnumber>831302</localnumber>
            <filename>sigla/sigla.mrc</filename>
          </idzebra>
        </record>
      </zs:recordData>
      <zs:recordPosition>106</zs:recordPosition>
    </zs:record>