<zs:record>
      <zs:recordPacking>xml</zs:recordPacking>
      <zs:recordData>
        <record xmlns="http://www.loc.gov/MARC21/slim">
          <leader>00390nz a2200109 4500</leader>
          <controlfield tag="001">30076611</controlfield>
          <controlfield tag="003">RISM</controlfield>
          <controlfield tag="005">20121108</controlfield>
          <controlfield tag="008">121108n||az|||||||##########||||||||||||</controlfield>
          <datafield tag="043" ind1=" " ind2=" ">
            <subfield code="c">Austria</subfield>
          </datafield>
          <datafield tag="110" ind1="2" ind2=" ">
            <subfield code="a">Pfarre Schörfling, Pfarrarchiv</subfield>
            <subfield code="c">Schörfling am Attersee</subfield>
            <subfield code="g">A-SCHA</subfield>
          </datafield>
          <datafield tag="622" ind1=" " ind2=" ">
            <subfield code="e">Pfarre Schörfling, Pfarrarchiv, Kirchengasse 2, 4861 Schörfling am Attersee,
              Austria</subfield>
            <subfield code="u">http://www.pfarre-schoerfling.at/index.php</subfield>
          </datafield>
          <idzebra xmlns="http://www.indexdata.dk/zebra/">
            <size>390</size>
            <score>652</score>
            <localnumber>834636</localnumber>
            <filename>sigla/sigla.mrc</filename>
          </idzebra>
        </record>
      </zs:recordData>
      <zs:recordPosition>187</zs:recordPosition>
    </zs:record>