<zs:record>
      <zs:recordPacking>xml</zs:recordPacking>
      <zs:recordData>
        <record xmlns="http://www.loc.gov/MARC21/slim">
          <leader>00310nz a2200109 4500</leader>
          <controlfield tag="001">30000383</controlfield>
          <controlfield tag="003">RISM</controlfield>
          <controlfield tag="005">20121108</controlfield>
          <controlfield tag="008">121108n||az|||||||##########||||||||||||</controlfield>
          <datafield tag="043" ind1=" " ind2=" ">
            <subfield code="c">Austria</subfield>
          </datafield>
          <datafield tag="110" ind1="2" ind2=" ">
            <subfield code="a">Diözesanarchiv</subfield>
            <subfield code="c">St. Pölten</subfield>
            <subfield code="g">A-SP</subfield>
          </datafield>
          <datafield tag="622" ind1=" " ind2=" ">
            <subfield code="e">Diözesanarchiv, Klostergasse 10, 3100 St. Pölten, Austria</subfield>
            <subfield code="u">http://www.dasp.at/</subfield>
          </datafield>
          <idzebra xmlns="http://www.indexdata.dk/zebra/">
            <size>310</size>
            <score>652</score>
            <localnumber>831618</localnumber>
            <filename>sigla/sigla.mrc</filename>
          </idzebra>
        </record>
      </zs:recordData>
      <zs:recordPosition>127</zs:recordPosition>
    </zs:record>