<zs:record>
      <zs:recordPacking>xml</zs:recordPacking>
      <zs:recordData>
        <record xmlns="http://www.loc.gov/MARC21/slim">
          <leader>00463nz a2200121 4500</leader>
          <controlfield tag="001">30077509</controlfield>
          <controlfield tag="003">RISM</controlfield>
          <controlfield tag="005">20121108</controlfield>
          <controlfield tag="008">121108n||az|||||||##########||||||||||||</controlfield>
          <datafield tag="043" ind1=" " ind2=" ">
            <subfield code="c">Austria</subfield>
          </datafield>
          <datafield tag="110" ind1="2" ind2=" ">
            <subfield code="a">Niederösterreichisches Landesarchiv</subfield>
            <subfield code="c">St. Pölten</subfield>
            <subfield code="g">A-SPnl</subfield>
          </datafield>
          <datafield tag="510" ind1="2" ind2=" ">
            <subfield code="a">Archiv für Niederösterreich, Landesarchiv</subfield>
          </datafield>
          <datafield tag="622" ind1=" " ind2=" ">
            <subfield code="e">Niederösterreichisches Landesarchiv, Haus Kulturbezirk 4, Landhausplatz 1, 3109 St.
              Pölten, Austria</subfield>
            <subfield code="u">http://www.noe.gv.at/Bildung/Landesarchiv-.html</subfield>
          </datafield>
          <idzebra xmlns="http://www.indexdata.dk/zebra/">
            <size>463</size>
            <score>652</score>
            <localnumber>834781</localnumber>
            <filename>sigla/sigla.mrc</filename>
          </idzebra>
        </record>
      </zs:recordData>
      <zs:recordPosition>191</zs:recordPosition>
    </zs:record>