<zs:record>
      <zs:recordPacking>xml</zs:recordPacking>
      <zs:recordData>
        <record xmlns="http://www.loc.gov/MARC21/slim">
          <leader>00450nz a2200109 4500</leader>
          <controlfield tag="001">30000368</controlfield>
          <controlfield tag="003">RISM</controlfield>
          <controlfield tag="005">20121108</controlfield>
          <controlfield tag="008">121108n||az|||||||##########||||||||||||</controlfield>
          <datafield tag="043" ind1=" " ind2=" ">
            <subfield code="c">Austria</subfield>
          </datafield>
          <datafield tag="110" ind1="2" ind2=" ">
            <subfield code="a">Archiv der Stadt Salzburg mit Archiv des Salzburger Museums Carolino-Augusteum</subfield>
            <subfield code="c">Salzburg</subfield>
            <subfield code="g">A-Sca</subfield>
          </datafield>
          <datafield tag="622" ind1=" " ind2=" ">
            <subfield code="e">Archiv der Stadt Salzburg mit Archiv des, Salzburger Museums Carolino-Augusteum, Schloß,
              Museumsplatz 6, 5010 Salzburg, Austria</subfield>
            <subfield code="u">http://www.stadt-salzburg.at</subfield>
          </datafield>
          <idzebra xmlns="http://www.indexdata.dk/zebra/">
            <size>450</size>
            <score>652</score>
            <localnumber>831255</localnumber>
            <filename>sigla/sigla.mrc</filename>
          </idzebra>
        </record>
      </zs:recordData>
      <zs:recordPosition>99</zs:recordPosition>
    </zs:record>