<zs:record>
      <zs:recordPacking>xml</zs:recordPacking>
      <zs:recordData>
        <record xmlns="http://www.loc.gov/MARC21/slim">
          <leader>00402nz a2200109 4500</leader>
          <controlfield tag="001">30006056</controlfield>
          <controlfield tag="003">RISM</controlfield>
          <controlfield tag="005">20121108</controlfield>
          <controlfield tag="008">121108n||az|||||||##########||||||||||||</controlfield>
          <datafield tag="043" ind1=" " ind2=" ">
            <subfield code="c">Austria</subfield>
          </datafield>
          <datafield tag="110" ind1="2" ind2=" ">
            <subfield code="a">Gluck-Gesamtausgabe, Forschungsstelle Salzburg</subfield>
            <subfield code="c">Salzburg</subfield>
            <subfield code="g">A-Sga</subfield>
          </datafield>
          <datafield tag="622" ind1=" " ind2=" ">
            <subfield code="e">Gluck-Gesamtausgabe, Forschungsstelle, Salzburg, Erzabt-Klotz-Str. 1, 5020 Salzburg,
              Austria</subfield>
            <subfield code="u">http://www.gluck-forschungsstelle-salzburg.org/#</subfield>
          </datafield>
          <idzebra xmlns="http://www.indexdata.dk/zebra/">
            <size>402</size>
            <score>652</score>
            <localnumber>831447</localnumber>
            <filename>sigla/sigla.mrc</filename>
          </idzebra>
        </record>
      </zs:recordData>
      <zs:recordPosition>119</zs:recordPosition>
    </zs:record>