<zs:record>
      <zs:recordPacking>xml</zs:recordPacking>
      <zs:recordData>
        <record xmlns="http://www.loc.gov/MARC21/slim">
          <leader>00525nz a2200133 4500</leader>
          <controlfield tag="001">30000372</controlfield>
          <controlfield tag="003">RISM</controlfield>
          <controlfield tag="005">20121108</controlfield>
          <controlfield tag="008">121108n||az|||||||##########||||||||||||</controlfield>
          <datafield tag="043" ind1=" " ind2=" ">
            <subfield code="c">Austria</subfield>
          </datafield>
          <datafield tag="110" ind1="2" ind2=" ">
            <subfield code="a">Internationale Stiftung Mozarteum, Bibliotheca Mozartiana</subfield>
            <subfield code="c">Salzburg</subfield>
            <subfield code="g">A-Sm</subfield>
          </datafield>
          <datafield tag="410" ind1="2" ind2=" ">
            <subfield code="a">Internationale Stiftung Mozarteum &amp; Akademie für Musik und Darstellende Kunst
              Mozarteum</subfield>
          </datafield>
          <datafield tag="591" ind1="2" ind2=" ">
            <subfield code="a">ongoing</subfield>
          </datafield>
          <datafield tag="622" ind1=" " ind2=" ">
            <subfield code="e">Internationale Stiftung Mozarteum,, Bibliotheca Mozartiana, Schwarzstraße 26, 5020
              Salzburg, Austria</subfield>
            <subfield code="u">http://www.mozarteum.at</subfield>
          </datafield>
          <idzebra xmlns="http://www.indexdata.dk/zebra/">
            <size>525</size>
            <score>652</score>
            <localnumber>836189</localnumber>
            <filename>sigla/sigla.mrc</filename>
          </idzebra>
        </record>
      </zs:recordData>
      <zs:recordPosition>259</zs:recordPosition>
    </zs:record>