<zs:record>
      <zs:recordPacking>xml</zs:recordPacking>
      <zs:recordData>
        <record xmlns="http://www.loc.gov/MARC21/slim">
          <leader>00391nz a2200109 4500</leader>
          <controlfield tag="001">30076614</controlfield>
          <controlfield tag="003">RISM</controlfield>
          <controlfield tag="005">20121108</controlfield>
          <controlfield tag="008">121108n||az|||||||##########||||||||||||</controlfield>
          <datafield tag="043" ind1=" " ind2=" ">
            <subfield code="c">Austria</subfield>
          </datafield>
          <datafield tag="110" ind1="2" ind2=" ">
            <subfield code="a">Pfarre Taiskirchen, Pfarrarchiv</subfield>
            <subfield code="c">Taiskirchen im Innkreis</subfield>
            <subfield code="g">A-TAI</subfield>
          </datafield>
          <datafield tag="622" ind1=" " ind2=" ">
            <subfield code="e">Pfarre Taiskirchen, Pfarrarchiv, Hofmarkt 1, 4753 Taiskirchen im Innkreis,
              Austria</subfield>
            <subfield code="u">http://www.dioezese-linz.at/pfarren/taiskirchen/</subfield>
          </datafield>
          <idzebra xmlns="http://www.indexdata.dk/zebra/">
            <size>391</size>
            <score>652</score>
            <localnumber>834894</localnumber>
            <filename>sigla/sigla.mrc</filename>
          </idzebra>
        </record>
      </zs:recordData>
      <zs:recordPosition>211</zs:recordPosition>
    </zs:record>