<zs:record>
      <zs:recordPacking>xml</zs:recordPacking>
      <zs:recordData>
        <record xmlns="http://www.loc.gov/MARC21/slim">
          <leader>00374nz a2200121 4500</leader>
          <controlfield tag="001">30003835</controlfield>
          <controlfield tag="003">RISM</controlfield>
          <controlfield tag="005">20121108</controlfield>
          <controlfield tag="008">121108n||az|||||||##########||||||||||||</controlfield>
          <datafield tag="043" ind1=" " ind2=" ">
            <subfield code="c">Austria</subfield>
          </datafield>
          <datafield tag="110" ind1="2" ind2=" ">
            <subfield code="a">Bürgerkapelle</subfield>
            <subfield code="c">Vils</subfield>
            <subfield code="g">A-Vmk</subfield>
          </datafield>
          <datafield tag="410" ind1="2" ind2=" ">
            <subfield code="a">Musikkapelle Vils, Musikalienarchiv</subfield>
          </datafield>
          <datafield tag="622" ind1=" " ind2=" ">
            <subfield code="e">Bürgerkapelle, Roland Megele, Hoheneggweg 52, 6682 Vils, Austria</subfield>
            <subfield code="u">http://www.mk-vils.at/index.html</subfield>
          </datafield>
          <idzebra xmlns="http://www.indexdata.dk/zebra/">
            <size>374</size>
            <score>652</score>
            <localnumber>835332</localnumber>
            <filename>sigla/sigla.mrc</filename>
          </idzebra>
        </record>
      </zs:recordData>
      <zs:recordPosition>227</zs:recordPosition>
    </zs:record>