<zs:record>
      <zs:recordPacking>xml</zs:recordPacking>
      <zs:recordData>
        <record xmlns="http://www.loc.gov/MARC21/slim">
          <leader>00401nz a2200109 4500</leader>
          <controlfield tag="001">30076014</controlfield>
          <controlfield tag="003">RISM</controlfield>
          <controlfield tag="005">20121108</controlfield>
          <controlfield tag="008">121108n||az|||||||##########||||||||||||</controlfield>
          <datafield tag="043" ind1=" " ind2=" ">
            <subfield code="c">Austria</subfield>
          </datafield>
          <datafield tag="110" ind1="2" ind2=" ">
            <subfield code="a">Katholische Pfarrkirche - Historisches Notenarchiv</subfield>
            <subfield code="c">Weyer</subfield>
            <subfield code="g">A-WEY</subfield>
          </datafield>
          <datafield tag="622" ind1=" " ind2=" ">
            <subfield code="e">Katholische Pfarrkirche - Historisches, Notenarchiv, Oberer Kirchenweg 1, 3335 Weyer,
              Austria</subfield>
            <subfield code="u">http://www.dioezese-linz.or.at/pfarren/weyer/</subfield>
          </datafield>
          <idzebra xmlns="http://www.indexdata.dk/zebra/">
            <size>401</size>
            <score>652</score>
            <localnumber>834976</localnumber>
            <filename>sigla/sigla.mrc</filename>
          </idzebra>
        </record>
      </zs:recordData>
      <zs:recordPosition>216</zs:recordPosition>
    </zs:record>