<zs:record>
      <zs:recordPacking>xml</zs:recordPacking>
      <zs:recordData>
        <record xmlns="http://www.loc.gov/MARC21/slim">
          <leader>00440nz a2200109 4500</leader>
          <controlfield tag="001">30006055</controlfield>
          <controlfield tag="003">RISM</controlfield>
          <controlfield tag="005">20121108</controlfield>
          <controlfield tag="008">121108n||az|||||||##########||||||||||||</controlfield>
          <datafield tag="043" ind1=" " ind2=" ">
            <subfield code="c">Austria</subfield>
          </datafield>
          <datafield tag="110" ind1="2" ind2=" ">
            <subfield code="a">Österreichische Akademie der Wissenschaften, Kommission für Musikforschung</subfield>
            <subfield code="c">Wien</subfield>
            <subfield code="g">A-Waw</subfield>
          </datafield>
          <datafield tag="622" ind1=" " ind2=" ">
            <subfield code="e">Österreichische Akademie der, Wissenschaften, Kommission für, Musikforschung, Dr. Ignaz
              Seipel-Platz 2, 1010 Wien, Austria</subfield>
            <subfield code="u">http://www.oeaw.ac.at/kmf/</subfield>
          </datafield>
          <idzebra xmlns="http://www.indexdata.dk/zebra/">
            <size>440</size>
            <score>652</score>
            <localnumber>835428</localnumber>
            <filename>sigla/sigla.mrc</filename>
          </idzebra>
        </record>
      </zs:recordData>
      <zs:recordPosition>231</zs:recordPosition>
    </zs:record>