<zs:record>
      <zs:recordPacking>xml</zs:recordPacking>
      <zs:recordData>
        <record xmlns="http://www.loc.gov/MARC21/slim">
          <leader>00564nz a2200157 4500</leader>
          <controlfield tag="001">30000197</controlfield>
          <controlfield tag="003">RISM</controlfield>
          <controlfield tag="005">20121108</controlfield>
          <controlfield tag="008">121108n||az|||||||##########||||||||||||</controlfield>
          <datafield tag="043" ind1=" " ind2=" ">
            <subfield code="c">Austria</subfield>
          </datafield>
          <datafield tag="110" ind1="2" ind2=" ">
            <subfield code="a">Minoritenkonvent, Klosterbibliothek und Archiv</subfield>
            <subfield code="c">Wien</subfield>
            <subfield code="g">A-Wm</subfield>
          </datafield>
          <datafield tag="410" ind1="2" ind2=" ">
            <subfield code="a">Musikarchiv Minoritenkonvent</subfield>
          </datafield>
          <datafield tag="622" ind1=" " ind2=" ">
            <subfield code="e">Minoritenkonvent, Klosterbibliothek und, Archiv, Alserstraße 17, 1080 Wien,
              Austria</subfield>
            <subfield code="u">http://www.minoriten.at/inhalt/wo/Alser%20Vorstadt/alservorstadtgeschichte_übersicht.html</subfield>
          </datafield>
          <datafield tag="688" ind1="2" ind2=" ">
            <subfield code="a">Series B: Wmm</subfield>
          </datafield>
          <datafield tag="670" ind1="2" ind2=" ">
            <subfield code="a">512</subfield>
          </datafield>
          <datafield tag="852" ind1="2" ind2=" ">
            <subfield code="b">48.2147446, 16.3526518</subfield>
          </datafield>
          <idzebra xmlns="http://www.indexdata.dk/zebra/">
            <size>564</size>
            <score>652</score>
            <localnumber>831464</localnumber>
            <filename>sigla/sigla.mrc</filename>
          </idzebra>
        </record>
      </zs:recordData>
      <zs:recordPosition>121</zs:recordPosition>
    </zs:record>