<zs:record>
      <zs:recordPacking>xml</zs:recordPacking>
      <zs:recordData>
        <record xmlns="http://www.loc.gov/MARC21/slim">
          <leader>00490nz a2200109 4500</leader>
          <controlfield tag="001">30000396</controlfield>
          <controlfield tag="003">RISM</controlfield>
          <controlfield tag="005">20121108</controlfield>
          <controlfield tag="008">121108n||az|||||||##########||||||||||||</controlfield>
          <datafield tag="043" ind1=" " ind2=" ">
            <subfield code="c">Austria</subfield>
          </datafield>
          <datafield tag="110" ind1="2" ind2=" ">
            <subfield code="a">Musikwissenschaftliches Institut der Universität, Fachbereichsbibliothek
              Musikwissenschaft</subfield>
            <subfield code="c">Wien</subfield>
            <subfield code="g">A-Wmi</subfield>
          </datafield>
          <datafield tag="622" ind1=" " ind2=" ">
            <subfield code="e">Musikwissenschaftliches Institut der, Universität, Fachbereichsbibliothek,
              Musikwissenschaft, Altes AKH, Hof 9, Spitalgasse 2-4, 1090 Wien, Austria</subfield>
            <subfield code="u">http://musikwissenschaft.univie.ac.at/</subfield>
          </datafield>
          <idzebra xmlns="http://www.indexdata.dk/zebra/">
            <size>490</size>
            <score>652</score>
            <localnumber>836076</localnumber>
            <filename>sigla/sigla.mrc</filename>
          </idzebra>
        </record>
      </zs:recordData>
      <zs:recordPosition>255</zs:recordPosition>
    </zs:record>