<zs:record>
      <zs:recordPacking>xml</zs:recordPacking>
      <zs:recordData>
        <record xmlns="http://www.loc.gov/MARC21/slim">
          <leader>00389nz a2200109 4500</leader>
          <controlfield tag="001">30000402</controlfield>
          <controlfield tag="003">RISM</controlfield>
          <controlfield tag="005">20121108</controlfield>
          <controlfield tag="008">121108n||az|||||||##########||||||||||||</controlfield>
          <datafield tag="043" ind1=" " ind2=" ">
            <subfield code="c">Austria</subfield>
          </datafield>
          <datafield tag="110" ind1="2" ind2=" ">
            <subfield code="a">Wiener Philharmoniker, Archiv und Bibliothek</subfield>
            <subfield code="c">Wien</subfield>
            <subfield code="g">A-Wph</subfield>
          </datafield>
          <datafield tag="622" ind1=" " ind2=" ">
            <subfield code="e">Wiener Philharmoniker, Archiv und, Bibliothek, Bösendorferstraße 12, 1010 Wien,
              Austria</subfield>
            <subfield code="u">http://www.wienerphilharmoniker.at/index.php</subfield>
          </datafield>
          <idzebra xmlns="http://www.indexdata.dk/zebra/">
            <size>389</size>
            <score>652</score>
            <localnumber>836077</localnumber>
            <filename>sigla/sigla.mrc</filename>
          </idzebra>
        </record>
      </zs:recordData>
      <zs:recordPosition>256</zs:recordPosition>
    </zs:record>