<zs:record>
      <zs:recordPacking>xml</zs:recordPacking>
      <zs:recordData>
        <record xmlns="http://www.loc.gov/MARC21/slim">
          <leader>00456nz a2200133 4500</leader>
          <controlfield tag="001">30000195</controlfield>
          <controlfield tag="003">RISM</controlfield>
          <controlfield tag="005">20121108</controlfield>
          <controlfield tag="008">121108n||az|||||||##########||||||||||||</controlfield>
          <datafield tag="043" ind1=" " ind2=" ">
            <subfield code="c">Austria</subfield>
          </datafield>
          <datafield tag="110" ind1="2" ind2=" ">
            <subfield code="a">St. Laurenz am Schottenfeld, Pfarrarchiv und Bibliothek</subfield>
            <subfield code="c">Wien</subfield>
            <subfield code="g">A-Wsfl</subfield>
          </datafield>
          <datafield tag="622" ind1=" " ind2=" ">
            <subfield code="e">St. Laurenz am Schottenfeld, Pfarrarchiv, und Bibliothek, Westbahnstraße 17, 1070 Wien,
              Austria</subfield>
            <subfield code="u">http://www.pfarreschottenfeld.at/</subfield>
          </datafield>
          <datafield tag="670" ind1="2" ind2=" ">
            <subfield code="a">128</subfield>
          </datafield>
          <datafield tag="852" ind1="2" ind2=" ">
            <subfield code="b">48.2016892, 16.3444021</subfield>
          </datafield>
          <idzebra xmlns="http://www.indexdata.dk/zebra/">
            <size>456</size>
            <score>652</score>
            <localnumber>831831</localnumber>
            <filename>sigla/sigla.mrc</filename>
          </idzebra>
        </record>
      </zs:recordData>
      <zs:recordPosition>131</zs:recordPosition>
    </zs:record>