<zs:record>
      <zs:recordPacking>xml</zs:recordPacking>
      <zs:recordData>
        <record xmlns="http://www.loc.gov/MARC21/slim">
          <leader>00533nz a2200157 4500</leader>
          <controlfield tag="001">30000410</controlfield>
          <controlfield tag="003">RISM</controlfield>
          <controlfield tag="005">20121108</controlfield>
          <controlfield tag="008">121108n||az|||||||##########||||||||||||</controlfield>
          <datafield tag="043" ind1=" " ind2=" ">
            <subfield code="c">Austria</subfield>
          </datafield>
          <datafield tag="110" ind1="2" ind2=" ">
            <subfield code="a">Privatbibliothek Prof. Dr. Alexander Weinmann</subfield>
            <subfield code="c">Wien</subfield>
            <subfield code="g">A-Wweinmann</subfield>
          </datafield>
          <datafield tag="410" ind1="2" ind2=" ">
            <subfield code="a">Alexander Weinmann, private collection</subfield>
          </datafield>
          <datafield tag="580" ind1=" " ind2=" ">
            <subfield code="x">A-Wgm</subfield>
            <subfield code="0">30000388</subfield>
          </datafield>
          <datafield tag="580" ind1=" " ind2=" ">
            <subfield code="x">A-Wn</subfield>
            <subfield code="0">30000398</subfield>
          </datafield>
          <datafield tag="580" ind1=" " ind2=" ">
            <subfield code="x">US-DMu</subfield>
            <subfield code="0">30002263</subfield>
          </datafield>
          <datafield tag="680" ind1="2" ind2=" ">
            <subfield code="i">Die Musikaliensammlung wurde unter den drei genannten Bibliotheken aufgeteilt. Siehe
              Grove|7., Artikel Alexander Weinmann.</subfield>
          </datafield>
          <idzebra xmlns="http://www.indexdata.dk/zebra/">
            <size>533</size>
            <score>652</score>
            <localnumber>836078</localnumber>
            <filename>sigla/sigla.mrc</filename>
          </idzebra>
        </record>
      </zs:recordData>
      <zs:recordPosition>257</zs:recordPosition>
    </zs:record>