<zs:record>
      <zs:recordPacking>xml</zs:recordPacking>
      <zs:recordData>
        <record xmlns="http://www.loc.gov/MARC21/slim">
          <leader>00386nz a2200121 4500</leader>
          <controlfield tag="001">30076361</controlfield>
          <controlfield tag="003">RISM</controlfield>
          <controlfield tag="005">20121108</controlfield>
          <controlfield tag="008">121108n||az|||||||##########||||||||||||</controlfield>
          <datafield tag="043" ind1=" " ind2=" ">
            <subfield code="c">Austria</subfield>
          </datafield>
          <datafield tag="110" ind1="2" ind2=" ">
            <subfield code="a">Wiener Männer-Gesangverein</subfield>
            <subfield code="c">Wien</subfield>
            <subfield code="g">A-Wwmg</subfield>
          </datafield>
          <datafield tag="622" ind1=" " ind2=" ">
            <subfield code="e">Wiener Männer-Gesangverein, Bösendorferstr. 12, 1010 Wien, Austria</subfield>
            <subfield code="u">http://www.wienermaennergesang-verein.at</subfield>
          </datafield>
          <datafield tag="852" ind1="2" ind2=" ">
            <subfield code="b">48.2081743, 16.3738189</subfield>
          </datafield>
          <idzebra xmlns="http://www.indexdata.dk/zebra/">
            <size>386</size>
            <score>652</score>
            <localnumber>834998</localnumber>
            <filename>sigla/sigla.mrc</filename>
          </idzebra>
        </record>
      </zs:recordData>
      <zs:recordPosition>218</zs:recordPosition>
    </zs:record>