<zs:record>
      <zs:recordPacking>xml</zs:recordPacking>
      <zs:recordData>
        <record xmlns="http://www.loc.gov/MARC21/slim">
          <leader>00349nz a2200109 4500</leader>
          <controlfield tag="001">30000400</controlfield>
          <controlfield tag="003">RISM</controlfield>
          <controlfield tag="005">20121108</controlfield>
          <controlfield tag="008">121108n||az|||||||##########||||||||||||</controlfield>
          <datafield tag="043" ind1=" " ind2=" ">
            <subfield code="c">Austria</subfield>
          </datafield>
          <datafield tag="110" ind1="2" ind2=" ">
            <subfield code="a">Österreichische Gesellschaft für Musik</subfield>
            <subfield code="c">Wien</subfield>
            <subfield code="g">A-Wögm</subfield>
          </datafield>
          <datafield tag="622" ind1=" " ind2=" ">
            <subfield code="e">Österreichische Gesellschaft für Musik, Hanuschgasse 3, 1010 Wien, Austria</subfield>
            <subfield code="u">http://www.oegm.org/</subfield>
          </datafield>
          <idzebra xmlns="http://www.indexdata.dk/zebra/">
            <size>349</size>
            <score>652</score>
            <localnumber>835187</localnumber>
            <filename>sigla/sigla.mrc</filename>
          </idzebra>
        </record>
      </zs:recordData>
      <zs:recordPosition>221</zs:recordPosition>
    </zs:record>